@book{strang1988linear,
  title={\href{https://cloudflare-ipfs.com/ipfs/bafykbzaceavfeuhf6vu6f3v6xeh6fwz2yjoqsgrjjpm4arrrcie7zi6pvknci?filename=Gilbert%20Strang%20-%20Linear%20algebra%20and%20its%20applications-Harcourt%2C%20Brace%2C%20Jovanovich%2C%20Publishers%20%281988%29.djvu}{Linear algebra and its applications.}},
  author={Strang, Gilbert},
  year={1988},
  publisher={Belmont, CA: Thomson, Brooks/Cole}
}
